@article{bruer2022sykefravaer,
  title={Sykefrav{\ae}r og frafall fra arbeidsmarkedet. Betydningen av sammensetningen av sykemeldte},
  author={Bruer-Skarsb{\o}, {\O}yvind and Vigtel, Trond Christian},
  year={2022},
  publisher={Statistisk sentralbyr{\aa}}
}

@article{von2021modeling,
  title={Modeling R\&D spillovers to productivity: The effects of tax credits},
  author={von Brasch, Thomas and Cappelen, {\AA}dne and Hungnes, H{\aa}vard and Skjerpen, Terje},
  journal={Economic Modelling},
  volume={101},
  pages={105545},
  year={2021},
  publisher={Elsevier}
}